<?xml version="1.0" encoding="UTF-8"?><record xmlns="http://www.loc.gov/MARC21/slim" xmlns:cinclude="http://apache.org/cocoon/include/1.0" xmlns:zs="http://www.loc.gov/zing/srw/">
  <leader>00947nz  a2200205n  4500</leader>
  <controlfield tag="001">nb2004301671</controlfield>
  <controlfield tag="003">DLC</controlfield>
  <controlfield tag="005">20040717063106.0</controlfield>
  <controlfield tag="008">040716n| acannaabn          |a aaa      </controlfield>
  <datafield tag="010" ind1=" " ind2=" ">
    <subfield code="a">nb2004301671</subfield>
  </datafield>
  <datafield tag="035" ind1=" " ind2=" ">
    <subfield code="a">(Uk)005948056</subfield>
  </datafield>
  <datafield tag="040" ind1=" " ind2=" ">
    <subfield code="a">Uk</subfield>
    <subfield code="b">eng</subfield>
    <subfield code="c">Uk</subfield>
  </datafield>
  <datafield tag="100" ind1="1" ind2=" ">
    <subfield code="a">Astudin, N. v.</subfield>
    <subfield code="q">(Nikolaus von)</subfield>
  </datafield>
  <datafield tag="400" ind1="1" ind2=" ">
    <subfield code="a">V. Astudin, N.</subfield>
    <subfield code="q">(Nikolaus von)</subfield>
  </datafield>
  <datafield tag="400" ind1="1" ind2=" ">
    <subfield code="a">Astudin, Nikolaus von</subfield>
  </datafield>
  <datafield tag="400" ind1="1" ind2=" ">
    <subfield code="a">Astudin, Nicolai von</subfield>
  </datafield>
  <datafield tag="400" ind1="1" ind2=" ">
    <subfield code="a">Astudin, NikolaiĚ fon</subfield>
  </datafield>
  <datafield tag="670" ind1=" " ind2=" ">
    <subfield code="a">Bilder von Rhein, 1911:</subfield>
    <subfield code="b">t.p. (N.v. Astudin)</subfield>
  </datafield>
  <datafield tag="670" ind1=" " ind2=" ">
    <subfield code="a">Nicolai von Astudins "Bilder vom Rhein", c2002:</subfield>
    <subfield code="b">p.28 (Nikolaus von Astudin; artist; b. Moscow, lived in St. Petersburg; trained in Paris) p.29 (exact date of birth unknown; various German official registrations give his date of birth either as 16 Apr. 1847, 9 July 1849 or 6 Aug. 1852; his gravestone records it as 9 July 1847; d. 10 Aug. 1925)</subfield>
  </datafield>
  <datafield tag="670" ind1=" " ind2=" ">
    <subfield code="a">BL auth. file, 16 July 2004</subfield>
    <subfield code="b">(hdg.: Astudin, N. von (Nikolaus))</subfield>
  </datafield>
</record>